
@ARTICLE{anthony-12,
	AUTHOR = {Scott D. Anthony},
	TITLE = "The New Corporate Garage",
	JOURNAL = "Harvard Business Review",
	VOLUME = "1",
	NUMBER = "1",
	PAGES = "1-11",
	MONTH = "September",
	YEAR = "2012"	
}

@BOOK{bardin-09,
	AUTHOR = {Lawrence Bardin},
	TITLE = {An\'alise de Conte\'udo},
	PUBLISHER = {Edi\c{c}\~oes 70},
	ADDRESS = "Lisboa, Portugal",
	YEAR = "2009"
}

@BOOK{blankdorf-12,
	AUTHOR = {Steve G. Blank and Bob Dorf},
	TITLE = {The startup owner{'}s manual: the step-by-step guide for building a great company},
	PUBLISHER = {K\&S Ranch Publishing Division},
	ADDRESS = {Pescadero},
	YEAR = {2012}
}

@article{candido-souza-15,
	author = "A. C\^andido and C. Souza",
	title = "A ado\c{c}\~ao de pr\'aticas de inova\c{c}\~ao aberta pelas pequenas e m\'edias empresas: um estudo emp\'irico",
	JOURNAL = "Revista Tecnologia e Sociedade",
	volume = {11},
	number = {23},
	pages = {1-20},
	year = {2015},
	doi = {10.3895}
}

@article{chesbrough-appleyard-2007,
	author = {Henry Chesbrough and M. Appleyard},
	title = {Open Innovation and strategy},
	JOURNAL = {California management review},
	volume = {50},
	number = {1},
	pages = {57-76},
	year = {2007},
	doi = {10.2307/41166416}
}
@report{cukier-et-al-2015,
	author = {D. Cukier and F. Kon and N. Krueger},
	title = {Towards a Software Startup Ecosystems Maturity Model},
	TYPE = {Technical Report, RT-MAC-2015-03},
	institution = {University of S\~{a}o Paulo (USP)},
	PUBLISHER = {Departament of Computer Science},
	ADDRESS = {S\~{a}o Paulo, SP},
	YEAR = {2015}
}

@article{hardwick-et-al-2013,
	author = {J. Hardwick and A. Anderson and D. Cruickshank},
	title = {Trust formation processes in innovative collaborations},
	journal = {European Journal of Innovation Management},
	volume = {16},
	number = {1},
	pages = {4-21},
	year = {2013},
	doi = {10.1108/1460106131129 2832}, 
}

@online{isenberg-2011,
	author = {D. Isenberg},
	title = {Babson Entrepreneurship Ecosystem Project},
	date = {4-25-2013},
	URL = {http://entrepreneurial-revolution.com/2011/12/entrepreneurship-ecosystemlessons},
}

@report{motoyama-waltins-2014,
	author = {Y. Motoyama and K. Waltins}, 
	title = {Examining the Connections within the Startup Ecosystem: A case Study of St. Louis},
	type = {Technical Report, RT-MAC-2015-03},
	institution = {Kauffman Foundation Research Series on City, Metro, and Regional Entrepreneurship},
	ADDRESS = {St. Louis, Illinois},
	YEAR = {2014}
}

@book{ries-2011,
	author = {Eric Ries},
	title = {The Lean Startup},
	subtitle = {How Today\'{s} Entrepreneurs Use Continuous Innovation to Create Radically Successful Businesses},
	PUBLISHER = {Crown Business},
	edition = {1},
	isbn = {978-0-307-88789-4},
	YEAR = {2011}
}

@thesis{santos-2015,
	author = {Mona Cleide Fonseca R. Santos},
	title = {O Ecossistema de Startups de Software da Cidade de {S}\~{a}o {P}aulo},
	type = {Dissertation},
	institution = {University of S\~{a}o Paulo},
	ADDRESS = {S\~{a}o Paulo, SP},
	YEAR = {2015}
}

@article{spigel-2015,
	author = {Ben Spigel},
	title = {The relational organization of entrepreneurial ecosystems},
	journal = {Entrepreneurship Theory and Practice},
	editor = {Baylor University},
	doi = {10.1111/etap.12167},
	month = {June},
	year = {2015}
}

@INPROCEEDINGS{torres-souza-2016,
	AUTHOR = {N. N. J. Torres and Cleidson R. B. de Souza},
	TITLE = {Uma Revis\~{a}o de Literatura sobre Ecossistemas de Startups de Tecnologia},
	BOOKTITLE = {Proceedings of the XII Brazilian Symposium on Information Systems},
	PAGES = {385-392},
	ORGANIZATION = {Federal University of Santa Catarina - UFSC},
	MONTH = {May}, 
	YEAR = {2016}	}

@article{weiblen-chesbrough-2016,
	author = {T. Weiblen and Henry Chesbrough},
	title = {Engaging with Startups to Enhance Corporate Innovation},
	journal = {California Management Review},
	volume = {57},
	number = {2},
	year = {2016}
}

@article{west-bogers-2014,
	author = {J. West and M. Bogers},
	title = {Leveraging External Sources of Innovation: A review of research of open innovation},
	journal = { The Journal of Product Innovation Management},
	volume = {31},
	number = {4},
	pages = {814-831},
	year = {2014},
	doi = {10.1111/jpim.12125}
}
