@inproceedings{de_choudhury_major_2013,
address = {San Antonio, Texas, USA},
author = {{De Choudhury}, Munmun and Counts, Scott and Horvitz, Eric},
booktitle = {Proceedings of the 2013 conference on {\{}Computer{\}} supported cooperative work - {\{}CSCW{\}} '13},
doi = {10.1145/2441776.2441937},
isbn = {978-1-4503-1331-5},
mendeley-groups = {Systematic Review/v3.0/ACM},
pages = {1431},
publisher = {ACM Press},
shorttitle = {Major life changes and behavioral markers in socia},
title = {{Major life changes and behavioral markers in social media: case of childbirth}},
url = {http://dl.acm.org/citation.cfm?doid=2441776.2441937},
year = {2013}
}

@article{Vedula2017,
	author = {Vedula, Nikhita and Parthasarathy, Srinivasan},
	doi = {10.1145/3079452.3079465},
	isbn = {9781450352499},
	journal = {Proceedings of the 2017 International Conference on Digital Health - DH '17},
	pages = {127--136},
	title = {{Emotional and Linguistic Cues of Depression from Social Media}},
	url = {http://dl.acm.org/citation.cfm?doid=3079452.3079465},
	year = {2017}
}

@article{Tsugawa2015,
	annote = {Social media; Depression; Twitter; Machine learning},
	author = {Tsugawa, Sho and Kikuchi, Yusuke and Kishino, Fumio and Nakajima, Kosuke and Itoh, Yuichi and Ohsaki, Hiroyuki},
	doi = {10.1145/2702123.2702280},
	isbn = {9781450331456},
	journal = {Proceedings of the 33rd Annual ACM Conference on Human Factors in Computing Systems - CHI '15},
	pages = {3187--3196},
	title = {{Recognizing Depression from Twitter Activity}},
	url = {http://dl.acm.org/citation.cfm?doid=2702123.2702280},
	year = {2015}
}

@inproceedings{Sadeque2018,
	author = {Sadeque, Farig and Xu, Dongfang and Bethard, Steven},
	booktitle = {Proceedings of the Eleventh ACM International Conference on Web Search and Data Mining - WSDM '18},
	doi = {10.1145/3159652.3159725},
	file = {:home/silas/.var/app/com.elsevier.MendeleyDesktop/data/data/Mendeley Ltd./Mendeley Desktop/Downloaded/Sadeque, Xu, Bethard - 2018 - Measuring the Latency of Depression Detection in Social Media.pdf:pdf},
	isbn = {9781450355810},
	keywords = {READ},
	mendeley-groups = {Systematic Review/v3.0/ACM},
	mendeley-tags = {READ},
	title = {{Measuring the Latency of Depression Detection in Social Media}},
	year = {2018}
}

@book{AmericanPsychiatryAssociationApa2013,
abstract = {DSM-IV-TR, vers{\~{a}}o revisada da classifica{\c{c}}{\~{a}}o da American Psychiatric Association, apresenta os {\'{u}}ltimos crit{\'{e}}rios diagn{\'{o}}sticos para transtornos mentais mundialmente aceitos e aplicados.},
archivePrefix = {arXiv},
arxivId = {arXiv:1011.1669v3},
author = {{American Psychiatry Association Apa}},
booktitle = {5a. Ed. Rev.},
doi = {1011769780890425596},
eprint = {arXiv:1011.1669v3},
file = {:home/silas/.var/app/com.elsevier.MendeleyDesktop/data/data/Mendeley Ltd./Mendeley Desktop/Downloaded/American Psychiatry Association Apa - 2013 - DSM-V-TR - Manual Diagn{\'{o}}stico e Estat{\'{i}}stico de Transtornos Mentais.pdf:pdf},
isbn = {8573079851},
issn = {2317-1782},
keywords = {APA,American Psychiatric Association,Artmed,Grupo A,Psiquiatria,Transtornos mentais},
mendeley-groups = {Books/Manual Diagnostico},
number = {1},
pages = {59--66},
pmid = {24413388},
title = {{DSM-V-TR - Manual Diagn{\'{o}}stico e Estat{\'{i}}stico de Transtornos Mentais}},
year = {2013}
}

@inproceedings{wang_improved_2013,
address = {TX, USA},
author = {Wang, Xinyu and Zhang, Chunhong and Sun, Li},
booktitle = {2013 {\{}IEEE{\}} 13th {\{}International{\}} {\{}Conference{\}} on {\{}Data{\}} {\{}Mining{\}} {\{}Workshops{\}}},
doi = {10.1109/ICDMW.2013.132},
file = {:home/silas/.var/app/com.elsevier.MendeleyDesktop/data/data/Mendeley Ltd./Mendeley Desktop/Downloaded/Wang, Zhang, Sun - 2013 - An {\{}Improved{\}} {\{}Model{\}} for {\{}Depression{\}} {\{}Detection{\}} in {\{}Micro{\}}-{\{}Blog{\}} {\{}Social{\}} {\{}Network{\}}.pdf:pdf},
isbn = {978-1-4799-3142-2 978-1-4799-3143-9},
mendeley-groups = {Systematic Review/v3.0/IEEE},
month = {dec},
pages = {80--87},
publisher = {IEEE},
title = {{An Improved Model for Depression Detection in Micro-Blog Social Network}},
url = {http://ieeexplore.ieee.org/document/6753906/},
year = {2013}
}

@inproceedings{DeChoudhury:2013:PPC:2470654.2466447,
	address = {New York, NY, USA},
	author = {{De Choudhury}, Munmun and Counts, Scott and Horvitz, Eric},
	booktitle = {Proceedings of the SIGCHI Conference on Human Factors in Computing Systems},
	doi = {10.1145/2470654.2466447},
	file = {:home/silas/.var/app/com.elsevier.MendeleyDesktop/data/data/Mendeley Ltd./Mendeley Desktop/Downloaded/De Choudhury, Counts, Horvitz - 2013 - Predicting Postpartum Changes in Emotion and Behavior via Social Media.pdf:pdf},
	isbn = {978-1-4503-1899-0},
	keywords = {behavioral health,childbirth,depression,emotion,health,language,postpartum,ppd,social media,twitter,wellness},
	mendeley-groups = {Systematic Review/v3.0/ACM},
	pages = {3267--3276},
	publisher = {ACM},
	series = {CHI '13},
	title = {{Predicting Postpartum Changes in Emotion and Behavior via Social Media}},
	url = {http://doi.acm.org/10.1145/2470654.2466447},
	year = {2013}
}
@inproceedings{Zhao:2018:TCM:3302425.3302501,
	address = {New York, NY, USA},
	author = {Zhao, Xiaoli and Lin, Shaofu and Huang, Zhisheng},
	booktitle = {Proc. of the 2018 Int. Conf. on Algorithms, Comput. and Artificial Intelligence},
	doi = {10.1145/3302425.3302501},
	isbn = {978-1-4503-6625-0},
	pages = {61:1----61:5},
	publisher = {ACM},
	series = {ACAI 2018},
	title = {{Text Classification of Micro-blog's ``Tree Hole" Based on Convolutional Neural Network}},
	year = {2018}
}
@inproceedings{Li2016,
	address = {New York, NY, USA},
	author = {Li, Guo and Zhou, Xiaomu and Lu, Tun and Yang, Jiang and Gu, Ning},
	booktitle = {Proc. of the 19th ACM Conf. on Comput.-Supported Cooperative Work {\&} Social Comput.},
	doi = {10.1145/2818048.2819994},
	isbn = {9781450335928},
	pages = {514--525},
	publisher = {ACM Press},
	title = {{SunForum: Understanding Depression in a Chinese Online Community}},
	url = {http://dx.doi.org/10.1145/2818048.2819994 http://dl.acm.org/citation.cfm?doid=2818048.2819994},
	year = {2016}
}

@inproceedings{Chancellor:2019:TET:3287560.3287587,
	address = {New York, NY, USA},
	author = {Chancellor, Stevie and Birnbaum, Michael L and Caine, Eric D and Silenzio, Vincent M B and {De Choudhury}, Munmun},
	booktitle = {Proceedings of the Conference on Fairness, Accountability, and Transparency},
	doi = {10.1145/3287560.3287587},
	isbn = {978-1-4503-6125-5},
	keywords = {algorithms,ethics,machine learning,mental health,social media},
	mendeley-groups = {Systematic Review/v3.0/ACM},
	pages = {79--88},
	publisher = {ACM},
	series = {FAT* '19},
	title = {{A Taxonomy of Ethical Tensions in Inferring Mental Health States from Social Media}},
	url = {http://doi.acm.org/10.1145/3287560.3287587},
	year = {2019}
}
@inproceedings{Oliveira:2018:DAD:3229345.3229354,
address = {New York, NY, USA},
author = {Oliveira, Maria Ludmilla and Rivero, Luis and {de Oliveira Neto}, Jos{\'{e}} Nunes and Santos, Rodrigo and Viana, Davi},
booktitle = {Proceedings of the XIV Brazilian Symposium on Information Systems},
doi = {10.1145/3229345.3229354},
file = {:home/silas/.var/app/com.elsevier.MendeleyDesktop/data/data/Mendeley Ltd./Mendeley Desktop/Downloaded/Oliveira et al. - 2018 - Developing an Application for Dealing with Depression Through the Analysis of Information and Requirements Foun.pdf:pdf},
isbn = {978-1-4503-6559-8},
keywords = {Empathy Map,Personas,READ,Requirements Engineering,Social Networks},
mendeley-groups = {Systematic Review/v3.0/ACM},
mendeley-tags = {READ},
pages = {8:1----8:10},
publisher = {ACM},
series = {SBSI'18},
title = {{Developing an Application for Dealing with Depression Through the Analysis of Information and Requirements Found in Groups from a Social Network}},
url = {http://doi.acm.org/10.1145/3229345.3229354},
year = {2018}
}

@inproceedings{Chen2018,
	address = {New York, New York, USA},
	author = {Chen, Xuetong and Sykora, Martin D and Jackson, Thomas W and Elayan, Suzanne},
	booktitle = {Companion Proc. of the The Web Conf. 2018},
	doi = {10.1145/3184558.3191624},
	isbn = {9781450356404},
	keywords = {READ},
	pages = {1653--1660},
	publisher = {Int. World Wide Web Conf. Steering Committee},
	title = {{What about Mood Swings}},
	url = {https://doi.org/10.1145/3184558.3191624 http://dl.acm.org/citation.cfm?doid=3184558.3191624},
	year = {2018}
}

@inproceedings{DeChoudhury2014,
	author = {De Choudhury, Munmun and Counts, Scott and Horvitz, Eric J. and Hoff, Aaron},
	title = {Characterizing and Predicting Postpartum Depression from Shared Facebook Data},
	year = {2014},
	isbn = {9781450325400},
	publisher = {Association for Computing Machinery},
	address = {New York, NY, USA},
	url = {https://doi.org/10.1145/2531602.2531675},
	doi = {10.1145/2531602.2531675},
	booktitle = {Proceedings of the 17th ACM Conference on Computer Supported Cooperative Work & Social Computing},
	pages = {626–638},
	numpages = {13},
	keywords = {emotion, language, twitter, childbirth, social media, health, wellness, postpartum},
	location = {Baltimore, Maryland, USA},
	series = {CSCW ’14}
}

@inproceedings{DeChoudhury:2013:SMM:2464464.2464480,
	address = {New York, NY, USA},
	author = {{De Choudhury}, Munmun and Counts, Scott and Horvitz, Eric},
	booktitle = {Proc. of the 5th Annu. ACM Web Sci. Conf.},
	doi = {10.1145/2464464.2464480},
	isbn = {978-1-4503-1889-1},
	pages = {47--56},
	publisher = {ACM},
	series = {WebSci '13},
	title = {{Social Media As a Measurement Tool of Depression in Populations}},
	year = {2013}
}
@book{DeChoudhury2013,
	author = {{De Choudhury}, Munmun and Counts, Scott and Horvitz, Eric},
	file = {:home/silas/.var/app/com.elsevier.MendeleyDesktop/data/data/Mendeley Ltd./Mendeley Desktop/Downloaded/De Choudhury, Counts, Horvitz - 2013 - Major Life Changes and Behavioral Markers in Social Media Case of Childbirth(2).pdf:pdf},
	isbn = {9781450313315},
	keywords = {Author Keywords childbirth,Twitter,emotion,health,language,postpartum,social media,wellness ACM Classification Keywords},
	mendeley-groups = {Systematic Review/v3.0/ACM},
	title = {{Major Life Changes and Behavioral Markers in Social Media: Case of Childbirth}},
	url = {http://www.census.gov/genealogy/www/data/1990surname},
	year = {2013}
}
@inproceedings{Nobles:2018:IIS:3173574.3173987,
	address = {New York, NY, USA},
	author = {Nobles, Alicia L and Glenn, Jeffrey J and Kowsari, Kamran and Teachman, Bethany A and Barnes, Laura E},
	booktitle = {Proc. of the 2018 CHI Conf. on Human Factors in Computing Systems},
	doi = {10.1145/3173574.3173987},
	isbn = {978-1-4503-5620-6},
	pages = {413:1----413:11},
	publisher = {ACM},
	series = {CHI '18},
	title = {{Identification of Imminent Suicide Risk Among Young Adults Using Text Messages}},
	url = {http://doi.acm.org/10.1145/3173574.3173987},
	year = {2018}
}
@inproceedings{Park:2015:MDL:2675133.2675139,
	address = {New York, NY, USA},
	author = {Park, Sungkyu and Kim, Inyeop and Lee, Sang Won and Yoo, Jaehyun and Jeong, Bumseok and Cha, Meeyoung},
	booktitle = {Proc. of the 18th ACM Conf. on Comput. Supported Cooperative Work Social Comput.},
	doi = {10.1145/2675133.2675139},
	isbn = {978-1-4503-2922-4},
	pages = {557--570},
	publisher = {ACM},
	series = {CSCW '15},
	title = {{Manifestation of Depression and Loneliness on Social Networks: A Case Study of Young Adults on Facebook}},
	year = {2015}
}
@inproceedings{Kavuluru:2016:CHC:2975167.2975170,
	address = {New York, NY, USA},
	author = {Kavuluru, Ramakanth and Ramos-Morales, Mar$\backslash$'$\backslash$ia and Holaday, Tara and Williams, Amanda G and Haye, Laura and Cerel, Julie},
	booktitle = {Proceedings of the 7th ACM Int. Conf. on Bioinformatics, Computational Biology, and Health Informatics},
	doi = {10.1145/2975167.2975170},
	isbn = {978-1-4503-4225-4},
	keywords = {suicide prevention,text classification},
	pages = {32--40},
	publisher = {ACM},
	series = {BCB '16},
	title = {{Classification of Helpful Comments on Online Suicide Watch Forums}},
	url = {http://doi.acm.org/10.1145/2975167.2975170},
	year = {2016}
}

@inproceedings{DeChoudhury:2017:GCD:2998181.2998220,
address = {New York, NY, USA},
author = {{De Choudhury}, Munmun and Sharma, Sanket S and Logar, Tomaz and Eekhout, Wouter and Nielsen, Ren{\'{e}} Clausen},
booktitle = {Proceedings of the 2017 ACM Conference on Computer Supported Cooperative Work and Social Computing},
doi = {10.1145/2998181.2998220},
isbn = {978-1-4503-4335-0},
pages = {353--369},
publisher = {ACM},
series = {CSCW '17},
title = {{Gender and Cross-Cultural Differences in Social Media Disclosures of Mental Illness}},
url = {http://doi.acm.org/10.1145/2998181.2998220},
year = {2017}
}
@inproceedings{Bagroy:2017:SMB:3025453.3025909,
	address = {New York, NY, USA},
	author = {Bagroy, Shrey and Kumaraguru, Ponnurangam and {De Choudhury}, Munmun},
	booktitle = {Proceedings of the 2017 CHI Conference on Human Factors in Computing Systems},
	doi = {10.1145/3025453.3025909},
	file = {:home/silas/.var/app/com.elsevier.MendeleyDesktop/data/data/Mendeley Ltd./Mendeley Desktop/Downloaded/Bagroy, Kumaraguru, De Choudhury - 2017 - A Social Media Based Index of Mental Well-Being in College Campuses.pdf:pdf},
	isbn = {978-1-4503-4655-9},
	keywords = {ALMOST READ,college mental health,reddit,social media,transfer learning},
	mendeley-groups = {Systematic Review/v3.0/ACM},
	mendeley-tags = {ALMOST READ},
	pages = {1634--1646},
	publisher = {ACM},
	series = {CHI '17},
	title = {{A Social Media Based Index of Mental Well-Being in College Campuses}},
	url = {http://doi.acm.org/10.1145/3025453.3025909},
	year = {2017}
}

@inproceedings{andalibi_sensitive_2017,
	address = {Portland, OR, USA},
	author = {Andalibi, Nazanin and Ozturk, Pinar and Forte, Andrea},
	booktitle = {Proc. of 2017 ACM Conf. on Comput. Supported Cooperative Work and Social Comput.},
	doi = {10.1145/2998181.2998243},
	isbn = {978-1-4503-4335-0},
	pages = {1485--1500},
	publisher = {ACM},
	title = {{Sensitive Self-disclosures, Responses, and Social Support on Instagram: The Case of {\#}Depression}},
	url = {http://dl.acm.org/citation.cfm?doid=2998181.2998243},
	year = {2017}
}
@inproceedings{Yazdavar:2017:SAM:3110025.3123028,
	title={Semi-supervised approach to monitoring clinical depressive symptoms in social media},
	author={Yazdavar, Amir Hossein and Al-Olimat, Hussein S and Ebrahimi, Monireh and others},
	booktitle={Proc. of the 2017 IEEE/ACM Int. Conf. on Advances in Social Networks Analysis and Mining 2017},
	pages={1191--1198},
	year={2017}
}

@inproceedings{Wilson:2014:FIM:2637002.2637006,
	address = {New York, NY, USA},
	author = {Wilson, Max L and Ali, Susan and Valstar, Michel F},
	booktitle = {Proceedings of the 5th Information Interaction in Context Symposium},
	doi = {10.1145/2637002.2637006},
	file = {:home/silas/.var/app/com.elsevier.MendeleyDesktop/data/data/Mendeley Ltd./Mendeley Desktop/Downloaded/Wilson, Ali, Valstar - 2014 - Finding Information About Mental Health in Microblogging Platforms A Case Study of Depression.pdf:pdf},
	isbn = {978-1-4503-2976-7},
	keywords = {depression,information retrieval,information seeking,mental health,microblogging},
	mendeley-groups = {Systematic Review/v3.0/ACM},
	pages = {8--17},
	publisher = {ACM},
	series = {IIiX '14},
	title = {{Finding Information About Mental Health in Microblogging Platforms: A Case Study of Depression}},
	url = {http://doi.acm.org/10.1145/2637002.2637006},
	year = {2014}
}
@inproceedings{Homan:2014:SSD:2531602.2531704,
	address = {New York, NY, USA},
	author = {Homan, Christopher M and Lu, Naiji and Tu, Xin and Lytle, Megan C and Silenzio, Vincent M B},
	booktitle = {Proceedings of the 17th ACM Conference on Computer Supported Cooperative Work {\&} Social Computing},
	doi = {10.1145/2531602.2531704},
	file = {:home/silas/.var/app/com.elsevier.MendeleyDesktop/data/data/Mendeley Ltd./Mendeley Desktop/Downloaded/Homan et al. - 2014 - Social Structure and Depression in TrevorSpace.pdf:pdf},
	isbn = {978-1-4503-2540-0},
	keywords = {lgbt youth,social media.,social network analysis},
	mendeley-groups = {Systematic Review/v3.0/ACM},
	pages = {615--625},
	publisher = {ACM},
	series = {CSCW '14},
	title = {{Social Structure and Depression in TrevorSpace}},
	url = {http://doi.acm.org/10.1145/2531602.2531704},
	year = {2014}
}

@book{american2013diagnostic,
title={Diagnostic and statistical manual of mental disorders (DSM-5{\textregistered})},
author={American Psychiatric Association and others},
year={2013},
publisher={American Psychiatric Pub}
}

@article{Horvitz,
	author = {Horvitz, Eric and Mulligan, Deirdre},
	doi = {10.1126/science.aac4520},
	file = {:home/silas/.var/app/com.elsevier.MendeleyDesktop/data/data/Mendeley Ltd./Mendeley Desktop/Downloaded/Horvitz, Mulligan - Unknown - POLICY FORUM Data, privacy, and the greater good.pdf:pdf},
	issn = {0036-8075},
	journal = {Science},
	mendeley-groups = {Systematic Review/Extra},
	month = {jul},
	number = {6245},
	pages = {253--255},
	title = {{Data, privacy, and the greater good}},
	url = {http://1.usa.gov/1eNy7qR. http://www.sciencemag.org/cgi/doi/10.1126/science.aac4520 https://www.sciencemag.org/lookup/doi/10.1126/science.aac4520},
	volume = {349},
	year = {2015}
}

@mastersthesis{Nolasco2016,
	author = {Sousa, Diogo Nolasco Ferreira},
	keywords = {Scholar Data,Text Mining,Topic Modeling},
	mendeley-groups = {Related Thesis},
	pages = {195},
	institution = {Universidade Federal do Rio de Janeiro},
	title = {{Automatic Research Areas Identification in C{\&}T}},
	year = {2016}
}


@book{aggarwal2011socialnetwork,
	author = {Aggarwal, Charu C.},
	title = {Social Network Data Analytics},
	year = {2011},
	isbn = {1441984615},
	publisher = {Springer Publishing Company, Incorporated},
	edition = {1st}
}

@misc{freud1917mourning,
	title={Mourning and Melancholia. U: The Standard Edition of the Complete Psychological Works of Sigmund Freud, Volume XIV (1914-1916): On the History of the Psycho-Analytic Movement, Papers on Metapsychology and Other Works},
	author={Freud, Sigmund},
	year={1917},
	publisher={Diterjemahkan oleh James Strachey). London: The Hogart Press and The~…}
}



@article{IHME,
	title={Global, regional, and national incidence, prevalence, and years lived with disability for 354 diseases and injuries for 195 countries and territories, 1990--2017: a systematic analysis for the Global Burden of Disease Study 2017},
	author={James, Spencer L and Abate, Degu and Abate, Kalkidan Hassen and others},
	journal={The Lancet},
	volume={392},
	number={10159},
	pages={1789--1858},
	year={2018},
	publisher={Elsevier}
}


@article{brody2018prevalence,
	title={Prevalence of depression among adults aged 20 and over: United States, 2013-2016},
	author={Brody, Debra J and Pratt, Laura A and Hughes, Jeffery P},
	year={2018},
	journal={National Center for Health Statistics},
}

@incollection{Lech2014,
	title={Detection and prediction of clinical depression},
	author={Lech, Margaret and Low, Lu-Shih and Ooi, Kuan Ee},
	booktitle={Mental Health Informatics},
	pages={185--199},
	year={2014},
	publisher={Springer}
}


@article{elkin2008america,
	title={How America searches: Health and wellness},
	author={Elkin, Noah},
	journal={Opinion Research Corporation: iCrossing},
	pages={1--17},
	year={2008}
}

@book{Wieringa2014,
	address = {Berlin, Heidelberg},
	author = {Wieringa, Roel J.},
	booktitle = {Design Science Methodology: For Information Systems and Software Engineering},
	doi = {10.1007/978-3-662-43839-8},
	isbn = {978-3-662-43838-1},
	pages = {1--332},
	publisher = {Springer Berlin Heidelberg},
	title = {{Design Science Methodology for Inf. Syst. and Softw. Eng.}},
	url = {http://link.springer.com/10.1007/978-3-662-43839-8},
	year = {2014}
}

@article{Smith1995,
author = {Smith, G. F. and March, S. T.},
journal = {Decision Support Systems},
keywords = {design science,information system research,information technology,natural science},
mendeley-groups = {DSR},
number = {4},
pages = {251--266},
title = {{Design and natural science research on information technology}},
url = {https://www.sciencedirect.com/science/article/pii/0167923694000412{\%}0Ainternal-pdf:/Design and natural science research on information technology (printed).pdf},
volume = {15},
year = {1995}
}

@article{Peffers2007,
	author = {Peffers, Ken and Tuunanen, Tuure and Rothenberger, Marcus A. and Chatterjee, Samir},
	doi = {10.2753/MIS0742-1222240302},
	issn = {07421222},
	journal = {Journal of Management Information Systems},
	number = {3},
	pages = {45--77},
	title = {{A design science research methodology for information systems research}},
	volume = {24},
	year = {2007}
}

@article{Razis2020,
	author = {Razis, Gerasimos and Anagnostopoulos, Ioannis and Zeadally, Sherali},
	doi = {10.1145/3369780},
	file = {:home/silas/Downloads/influentsocial.pdf:pdf},
	issn = {0360-0300},
	journal = {ACM Computing Surveys (CSUR)},
	mendeley-groups = {Systematic Review/Extra},
	month = {feb},
	number = {1},
	pages = {1--38},
	title = {{Modeling Influence with Semantics in Social Networks}},
	url = {http://dl.acm.org/doi/10.1145/3369780},
	volume = {53},
	year = {2020}
}
